<?xml version="1.0" encoding="UTF-8"?><record xmlns="http://www.loc.gov/MARC21/slim" xmlns:cinclude="http://apache.org/cocoon/include/1.0" xmlns:zs="http://www.loc.gov/zing/srw/">
  <leader>00848nz  a2200157n  4500</leader>
  <controlfield tag="001">nr2002040505</controlfield>
  <controlfield tag="003">DLC</controlfield>
  <controlfield tag="005">20021107033109.0</controlfield>
  <controlfield tag="008">021101n| acannaabn          |n aaa     c</controlfield>
  <datafield tag="010" ind1=" " ind2=" ">
    <subfield code="a">nr2002040505</subfield>
  </datafield>
  <datafield tag="040" ind1=" " ind2=" ">
    <subfield code="a">UPB</subfield>
    <subfield code="b">eng</subfield>
    <subfield code="c">UPB</subfield>
  </datafield>
  <datafield tag="100" ind1="1" ind2=" ">
    <subfield code="a">Cassidy, William,</subfield>
    <subfield code="d">1947-</subfield>
  </datafield>
  <datafield tag="667" ind1=" " ind2=" ">
    <subfield code="a">Formerly on undifferentiated name record: n86099185</subfield>
  </datafield>
  <datafield tag="670" ind1=" " ind2=" ">
    <subfield code="a">Religions of Star trek, 2001:</subfield>
    <subfield code="b">t.p. (William Cassidy)</subfield>
  </datafield>
  <datafield tag="670" ind1=" " ind2=" ">
    <subfield code="a">E-mail correspondence with author, Nov. 1, 2002</subfield>
    <subfield code="b">(b. 1947)</subfield>
  </datafield>
  <datafield tag="670" ind1=" " ind2=" ">
    <subfield code="a">Division of Human Studies at Alfred University profile, via WWW, Nov. 1, 2002</subfield>
    <subfield code="b">(Professor, Division of Human Studies; historian of religion, teaches western civilization and world religions and philosophy; AB in Religious Studies from the University of California, Berkeley, and MA and Ph.D. in History and Phenomenology of Religion from the Graduate Theological Union)</subfield>
  </datafield>
</record>